@misc{website:Wikipedia_Quadrocopter,
      author = "Wikipedia",
      title = "Quadrocopter",
      howpublished = "Webseite",
      hour = "0",
      minutes = "40",
      day = "10",
      month = "Oktober",
      year = "2019",
      url = "https://de.wikipedia.org/wiki/Quadrocopter#Entwicklung"
}

@misc{website:rn-wissen_Regelungstechnik,
      author = "Waste(Fiktiver Name)",
      title = "Regelungstechnik",
      howpublished = "Webseite",
      hour = "1",
      minutes = "18",
      day = "10",
      month = "Oktober",
      year = "2019",
      url = "https://de.wikipedia.org/wiki/Quadrocopter#Entwicklung"
}